@misc{crossover,
  author = {{Wikipedia contributors}},
  title  = {Chromosomal crossover --- {Wikipedia}{,} The Free Encyclopedia},
  year   = {2021},
  url    = {https://en.wikipedia.org/w/index.php?title=Chromosomal_crossover&oldid=1022943486},
  note   = {[Online; accessed 16-May-2021]},
}

@misc{hardy,
  author = "{Wikipedia contributors}",
  title = "Hardyâ€“Weinberg principle --- {Wikipedia}{,} The Free Encyclopedia",
  year = "2021",
  url = "https://en.wikipedia.org/w/index.php?title=Hardy%E2%80%93Weinberg_principle&oldid=1021474919",
  note = "[Online; accessed 16-May-2021]"
}